<record xmlns="http://www.loc.gov/MARC21/slim" xmlns:xsi="http://www.w3.org/2001/XMLSchema-instance" xsi:schemaLocation="http://www.loc.gov/MARC21/slim http://www.loc.gov/standards/marcxml/schema/MARC21slim.xsd"><leader>00815cz   2200205n  4500</leader><controlfield tag="001">oca03853895 </controlfield><controlfield tag="005">20001102071151.0</controlfield><controlfield tag="008">950607n| acannaabn          |a aaa     c</controlfield><datafield ind1=" " ind2=" " tag="010"><subfield code="a">nr 95021123 </subfield></datafield><datafield ind1=" " ind2=" " tag="040"><subfield code="a">NNC</subfield><subfield code="b">eng</subfield><subfield code="c">NNC</subfield><subfield code="d">OCoLC</subfield></datafield><datafield ind1="0" ind2=" " tag="100"><subfield code="a">Alfius Avitus</subfield></datafield><datafield ind1="1" ind2=" " tag="400"><subfield code="a">Avitus, Alfius</subfield></datafield><datafield ind1="0" ind2=" " tag="400"><subfield code="a">Alphius Avitus</subfield></datafield><datafield ind1="1" ind2=" " tag="400"><subfield code="a">Avitus, Alphius</subfield></datafield><datafield ind1="1" ind2=" " tag="400"><subfield code="a">Alphius Avitus, Flavius</subfield></datafield><datafield ind1="1" ind2=" " tag="400"><subfield code="a">Avitus, Flavius Alphius</subfield></datafield><datafield ind1=" " ind2=" " tag="670"><subfield code="a">His Carmina [CF] 1991:</subfield><subfield code="b">PHI CD ROM #5.3, Latin Canon, bibliographic screen (Alphius Avitus)</subfield></datafield><datafield ind1=" " ind2=" " tag="670"><subfield code="a">Oxford class. dict., 1st ed.:</subfield><subfield code="b">p. 37 (Alfius (Alphius) Avitus; a "neoteric" of Hadrian's time)</subfield></datafield><datafield ind1=" " ind2=" " tag="670"><subfield code="a">Pauly-Wissowa:</subfield><subfield code="b">2. Halbbd., col. 1475; "Alfius", #4 (Alfius Avitus; wrote Roman history in iambic dimeters)</subfield></datafield><datafield ind1=" " ind2=" " tag="670"><subfield code="a">NUC pre-56:</subfield><subfield code="b">v. 10, p. 386 (Alphius Avitus, Flavius)</subfield></datafield></record>